
@article{OGLISPpaper,
title = {Recursive Functions of Symbolic Expressions and Their Computation by Machine, Part I},
author = {John McCarthy},
jornal= {Communications of the Association for Computing Machinery},
DOI={10.2307/2270078},
volume =  {3},
year = {1960},
month = {April},
pages = {184-195},
}

@article{r7rs,
title = {Revised7 Report on the Algorithmic Language Scheme},
author = {Steven Ganz and Alexey Radul and Olin Shivers and
Aaron W. Hsu and Jeffrey T. Read and Alaric Snell-Pym and
Bradley Lucier and David Rush and Gerald J. Sussman and
Emmanuel Medernach and Benjamin L. Russel},
day = {6},
month = {July},
year = {2013},
howpublished = {\url{http://www.larcenists.org/Documentation/Documentation0.98/r7rs.pdf}},
}
@book{lexandyacc,
title = {lex \& yacc, 2nd Edition},
author = {John Levine, Doug Brown, Tony Mason},
month = {October},
year = {1992},
publisher = {O'Reilly Media, Inc.},
isbn ={9781565920002},
}

@inproceedings{Leijen2001ParsecDS,
  title={Parsec: direct style monadic parser combinators for the real world},
  author={Daan Leijen and Erik Meijer},
  year={2001}
}

@article{Norvig1991CorrectingAW,
  title={Correcting a widespread error in unification algorithms},
  author={Peter Norvig},
  journal={Software: Practice and Experience},
  year={1991},
  volume={21}
}

@book{The_Little_Typer,
title = {The Little Typer},
auther = {Daniel P. Friedman and David Thrane Christiansen},
publisher = {The MIT Press},
year = {2018},
isbn = {978-0-262-53643-1}
}


@inproceedings{inproceedings,
author = {Hoder, Krystof and Voronkov, Andrei},
year = {2009},
month = {09},
pages = {435-443},
title = {Comparing Unification Algorithms in First-Order Theorem Proving},
isbn = {978-3-642-04616-2},
doi = {10.1007/978-3-642-04617-9_55}
}

@misc{nom,
  title = {nom},
  year = {2023},
  publisher = {GitHub},
  journal = {GitHub repository},
  howpublished = {\url{https://github.com/rust-bakery/nom}},
  commit = {e7b65783219c73117b4bae04c1d949747e082d2b},
}
